%% This BibTeX bibliography file was created using BibDesk.
%% http://bibdesk.sourceforge.net/


%% Created for Victor at 2005-09-29 17:13:52 +0600 



@inproceedings{redefining,
	Author = {Viktor S. Grishchenko},
	Booktitle = {Proceedings of the First Workshop on Friend of a Friend, Social Networking and the Semantic Web},
	Month = {Sep},
	   Key = {Grishchenko(2004)},
	Organization = {National University of Ireland, Galway},
	Pages = {75-84},
	Title = {Redefining Web-of-Trust: reputation, recommendations, responsibility and trust among peers},
	Url = {http://www.w3.org/2001/sw/Europe/events/foaf-galway/papers/fp/redefining\_web\_of\_trust/},
	Year = {2004}}

@inproceedings{rahman,
	Author = {A. Abdul-Rahman and S. Hailes},
	Booktitle = {Proceedings of the IEEE Intl. Conference on Communication, Malaysia},
	Date-Added = {2005-09-29 15:52:13 +0600},
	Date-Modified = {2005-09-29 15:52:56 +0600},
	Title = {Using Recommendations for Managing Trust in Distributed Systems},
	Year = {1997}}

@inproceedings{manag,
	Author = {K. Aberer and Z. Despotovic},
	Booktitle = {Proceedings of the 10th Intl. Conference on Information and Knowledge Management},
	Date-Added = {2005-09-29 15:57:53 +0600},
	Date-Modified = {2005-09-29 15:58:28 +0600},
    Address = {Atlanta, Georgia, USA},
	Title = {Managing Trust in a Peer-2-Peer Information System},
	Year = {2001}}

@inproceedings{canwe,
	Author = {A. Josang and C. Keser and T. Dimitrakos},
	Booktitle = {Proceedings of the Third International Conference on Trust Management (iTrust)},
	Date-Added = {2005-09-29 15:15:23 +0600},
	Date-Modified = {2005-09-29 15:16:49 +0600},
    Address = { Rocquencourt, France },
	Title = {Can We Manage Trust?},
	Year = {2005}}

@inproceedings{sybil,
	Author = {John R. Douceur},
	Booktitle = {Proc. of the IPTPS02 Workshop, Cambridge, MA (USA)},
	Date-Added = {2005-09-29 16:00:12 +0600},
	Date-Modified = {2005-09-29 16:02:02 +0600},
	Title = {The Sybil Attack},
	Year = {2002}}

@article{eval-cf,
	Author = {	Jonathan L. Herlocker and Joseph A. Konstan and Loren G. Terveen and John T. Riedl},
	Issue = {1},
	Journal = {ACM Transactions on Information Systems},
	Month = {Jan},
	Pages = {5-53},
	Title = {Evaluating collaborative filtering recommender systems},
	Volume = {22},
	Year = {2004}}

@article{impl,
    Author= { D. Dubois and H. Prade },
    Journal = { Fuzzy Sets Systems },
    Publisher = { Elsevier },
    Volume = {40},
    Year = {1991},
    Pages = {143-202},
    Title = { Fuzzy sets in approximate reasoning }
}


@inproceedings{addbel,
	Author = {D. McAnally and A. Josang},
	Booktitle = {Proceedings of the conference on Information Processing and Management of Uncertainty in Knowledge-Based Systems (IPMU2004), Perugia, Italy},
	Date-Added = {2005-09-29 15:19:00 +0600},
	Date-Modified = {2005-09-29 15:20:41 +0600},
	Title = {Addition and Subtraction of Beliefs},
	Year = {2004}}

@manual{rdf-primer,
	Author = {Frank Manola and Eric Miller},
	Organization = {WWW consortium},
	Title = {RDF Primer (W3C Recommendation)},
	Url = {http://www.w3.org/TR/rdf-primer/},
	Year = {2004}}

@inproceedings{wangva,
	Author = {Yao Wang and Julita Vassileva},
	Booktitle = {Proc. of  The Third IEEE International Conference on Peer-to-Peer Computing, Linkopings, Sweden},
	Date-Added = {2005-09-29 16:07:06 +0600},
	Date-Modified = {2005-09-29 16:09:51 +0600},
	Title = {Trust and Reputation Model in Peer-to-Peer Networks},
	Year = {2003}}

@inproceedings{risktrust,
	Author = {A. Josang and S. Lo Presti},
	Booktitle = {Proceedings of the Second International Conference on Trust Management},
	Date-Added = {2005-09-29 15:21:22 +0600},
	Date-Modified = {2005-09-29 15:22:49 +0600},
    Address = { Oxford, UK },
	Editor = {T. Dimitrakos},
	Month = {April},
	Title = {Analysing the Relationship Between Risk and Trust},
	Year = {2004}}

@inproceedings{wangva2,
	Author = {Yao Wang and Julita Vassileva},
	Booktitle = {Proc. of IEEE/WIC/ACM International Conference on Web Intelligence, Beijing, China},
	Date-Added = {2005-09-29 16:11:04 +0600},
	Date-Modified = {2005-09-29 16:11:53 +0600},
	Title = {Trust-Based Community Formation in Peer-to-Peer File Sharing Networks},
	Year = {2004}}

@inproceedings{matthew03trust,
	Author = {Matthew Richardson and R. Agrawal and P. Domingos},
	Date-Modified = {2005-09-29 15:50:14 +0600},
		title = {Trust Management for the Semantic Web},
	Booktitle = {Proceedings of the Second International Semantic Web Conference, Sanibel Island, FL, 2003},
	Url = {http://citeseer.ist.psu.edu/matthew03trust.html},
	Year = {2003}}

@inproceedings{wangva3,
	Author = {Wang Y. and Vassileva J.},
	Booktitle = {Proc. of IEEE/WIC International Conference on Web Intelligence, Halifax, Canada},
	Date-Added = {2005-09-29 16:13:08 +0600},
	Date-Modified = {2005-09-29 16:13:55 +0600},
	Title = {Bayesian Network-Based Trust Model},
	Year = {2003}}

@inproceedings{muag,
	Author = {Ramchurn, S. D. and Sierra, C. and Godo, L. and Jennings, N. R.},
	Booktitle = {Proceedings of 6th International Workshop of Deception, Fraud and Trust in Agent Societies, Melbourne, Australia},
	Date-Added = {2005-09-29 16:15:29 +0600},
	Date-Modified = {2005-09-29 16:16:24 +0600},
	Title = {A computational trust model for multi-agent interactions based on confidence and reputation},
	Year = {2003}}

@inproceedings{li,
	Author = {Li Xiong and Ling Liu},
	Booktitle = {Proc. of IEEE International Conference on E-Commerce Technology (CEC'03), Newport Beach, California, USA },
	Date-Added = {2005-09-29 16:17:35 +0600},
	Date-Modified = {2005-09-29 16:18:21 +0600},
	Title = {A Reputation-Based Trust Model for Peer-to-Peer eCommerce Communities},
	Year = {2003}}

@misc{lili,
	Author = {Li Xiong and Ling Liu},
	Date-Added = {2005-09-29 16:19:17 +0600},
	Date-Modified = {2005-09-29 16:21:50 +0600},
	Title = {Reputation and Trust},
    howpublished = "citeseer.ist.psu.edu/xiong05reputation.html",
	Year = {2005}}

@techreport{survey,
	Author = {Girish Suryanarayana and Richard N. Taylor},
	Date-Added = {2005-09-29 16:24:20 +0600},
	Date-Modified = {2005-09-29 16:34:31 +0600},
	Institution = {ISR Technical Report UCI-ISR-04-6},
	Title = {A Survey of Trust Management and Resource Discovery Technologies in Peer-to-Peer Applications},
    Publisher = { The Institute for Systems Research, University of Maryland },
	Year = {2004}}

@howpublished{worst,
	Author = {Clay Shirky},
	Date-Added = {2005-09-29 16:37:46 +0600},
	Date-Modified = {2005-09-29 16:38:30 +0600},
	Title = {A Group Is Its Own Worst Enemy},
	Url = {http://www.shirky.com/writings/group\_enemy.html}}

@howpublished{tutorial,
	Author = {Jan Jantzen},
	Date-Added = {2005-09-29 16:38:33 +0600},
	Date-Modified = {2005-09-29 16:39:02 +0600},
	Title = {Tutorial On Fuzzy Logic},
	Url = {http://www.iau.dtu.dk/~jj/pubs/logic.pdf}}

@inproceedings{golbeck,
	Author = {Jennifer Golbeck},
	Booktitle = {Semantic Network Analysis Workshop at the 4th International Semantic Web Conference},
	Date-Added = {2005-09-29 16:41:40 +0600},
	Date-Modified = {2005-09-29 16:42:19 +0600},
    Address = { Galway, Ireland },
	Title = {Personalizing Applications through Integration of Inferred Trust Values in Semantic Web-Based Social Networks},
	Year = {2005}}

@inproceedings{film,
	Author = {Jennifer Golbeck and James Hendler},
	Booktitle = {Proceedings of the IEEE Consumer Communications and Networking Conference},
	Date-Added = {2005-09-29 16:44:44 +0600},
	Date-Modified = {2005-09-29 16:45:12 +0600},
	Month = {January},
    	Address = { Las Vegas, Nevada, USA },
	Title = {Filmtrust: Movie recommendations using trust in web-based social networks},
	Year = {2006}}

@article{stalin,
    Author = {Сталин, И.В.},
    title = {интервью},
    journal = {Правда},
    year = {1946},
    month = {14 марта}
    }
    
@article{rany,
	author = {Сергей Нехамкин and Тимур Архангельский},
	title = {Когда считать мы стали раны},
	journal = {Известия},
	year = {2005},
	month = {6 мая}
	}
	
@book{krivo,
	editor = {Г. Ф. Кривошеев},
	title = {Россия и СССР в войнах XX века: Потери вооруженных сил},
	year = {2001},
	publisher = {ОЛМА-ПРЕСС}
	}
	
@article{polikarpov-nvo,
	author = {Михаил Поликарпов},
	title = {Неизвестная цена Победы},
	journal = {Независимое военное обозрение},
	year = {2004},
	month = {18 июня}
	}
	
@book{borja,
	author = {Соколов, Б.В.},
	title = {Правда о Великой Отечественной войне},
	year = {1989},
	publisher = {СПб.: Алетейя}
	}

@misc{pillars,
	howpublished= {http://en.wikipedia.org/wiki/Wikipedia:Five\_pillars},
	title = {Wikipedia:Five pillars (основные политики и руководства по публикации материала в Вивкипедии)},
	year={2006}
		}
		
@misc {wikipedia-moderation,
	howpublished = {\\http://en.wikipedia.org/wiki/Wikipedia:Dispute\_resolution},
	title = {Wikipedia: Resolving disputes},
	year={2006}
	}
    
@howpublished {pedias,
	howpublished = {\\http://en.wikipedia.org/wiki/Wikipedia:Size\_comparisons},
	title = {Wikipedia: Size comparisons},
	year={2006}
	}
	
@misc {tbl-talk,
	howpublished = {http://www.w3.org/1999/04/13-tbl.html},
	title = {Transcript of the talk to the LCS 35th Anniversary celebrations},
	author = {Tim Berners-Lee},
	year = {1999}
	}
	
@misc {realising,
	title = {Realising the Full Potential of the Web},
	author = {Tim Berners-Lee},
	howpublished = {http://www.w3.org/1998/02/Potential.html}
	}
	
@misc {turing-test,
	title = {Turing test, статья в Wikipedia},
	howpublished = {http://en.wikipedia.org/wiki/Turing\_test}
	}
	
@article {google-hydro,
	title = {Hiding in Plain Sight, Google Seeks More Power},
	author = {John Markoff and Saul Hansell},
	journal = {The New York Times},
	year = {2006},
	month = {June 14}
	}
	
@inproceedings {ibm-historyflow,
	title = {Studying Cooperation and Conflict between Authors with history flow Visualizations},
	author = {Fernanda B. Viégas and Martin Wattenberg and Kushal Dave},
	booktitle = {Proceedings of CHI'2004, Conference on Human Factors in Computer Systems, Vienna, Austria},
	year = {2004}
	}
	
@article {odlyzko-exp,
	title = {Tragic loss or good riddance? 	The impending demise of traditional scholarly journals},
	author = {Andrew Odlyzko},
	journal = {Intern. J. Human-Computer Studies},
	year = {1995},
	issue = {42},
	pages = {71-122}
	}

@article {price-exp,
	author = {D. J. Price},
	title = {The exponential curve of science},
	journal = {Discovery},
	issue = {17},
	year = {1956},
	pages = {240--243}
	}
	
@book {gutenberg,
	title = {A Social History of Knowledge: From Gutenberg to Diderot},
	author = {Peter Burke},
	year = {2000},
	publisher = {Polity Press}
	}
	
@article{traffic-growth,
	title = {Internet traffic growth: Sources and implications},
	author = {A. M. Odlyzko},
	journal = {Optical Transmission Systems and Equipment for WDM Networking II, Proc. SPIE},
	editor = {B. B. Dingel and W. Weiershausen and A. K. Dutta and and K.-I. Sato},
	volume = {5247},
	year = {2003},
	pages = {1-15}
	}
	
@misc{netcraft,
	title = {Netcraft web server survey},
	howpublished = {http://www.netcraft.com}
	}	
	
@article{adamic-dynamics,
	title = {Growth dynamics of the World-Wide Web },
	author = {Bernardo A. Huberman and Lada A. Adamic},
	journal = {Nature},
	volume = {401},
	year = {1999},
	month = {Sep 9}
	}

@misc{wikipedia-growth,
	howpublished = {http://en.wikipedia.org/wiki/Wikipedia:Modelling\_Wikipedia's\_growth},
	title = {Статья в Википедии: Modelling Wikipedia's growth}
	}
	
@article{nature-enc,
	title = {Internet encyclopaedias go head to head},
	author = {Jim Giles},
	journal = {Nature},
	volume = {438},
	pages = {900-901},
	year = {2005},
	month = {Dec 15}
	}
	
@misc{citeUlike,
	howpublished = {http://citeulike.com},
	title = {Сервис организации библиографии CiteULike}
	}
	
@misc{del.icio.us,
	howpublished = {http://del.icio.us},
	title = {Сервис организации закладок del.icio.us}
	}
	
@techreport{pagerank,
    author = "Lawrence Page and Sergey Brin and Rajeev Motwani and Terry Winograd",
    institution = "Stanford Digital Library Technologies Project",
    title = "The PageRank Citation Ranking: Bringing Order to the Web",
    year = "1998",
    howpublished = "citeseer.ist.psu.edu/page98pagerank.html" 
    }	
    
@inproceedings{weboftrust1,
	author = {M. Blaze and  J. Feigenbaum and J. Lacy},
	title = {Decentralized Trust Management},
	booktitle = {Proc. of IEEE Symposium on Security and Privacy, Oakland, CA},
	month = {May},
	year = {1996}
	}

@article{weboftrust2,
	author = {Alfarez Abdul Rahman},
	title = {The PGP Trust Model},
	journal = {EDI-Forum: The Journal of Electronic Commerce},
	month = {April},
	year = {1997}
	}

@inproceedings{distributed,
 author = {Alfarez Abdul-Rahman and Stephen Hailes},
 title = {A distributed trust model},
 booktitle = {NSPW '97: Proceedings of the 1997 workshop on New security paradigms},
 year = {1997},
 isbn = {0-89791-986-6},
 pages = {48--60},
 location = {Langdale, Cumbria, United Kingdom},
 doi = {http://doi.acm.org/10.1145/283699.283739},
 publisher = {ACM Press},
 address = {New York, NY, USA},
 }

@article {moleskiing,
	author = {P. Avesani and P. Massa and R. Tiella},
	title = {Moleskiing.it: a Trust-Aware Recommender System for Ski Mountaineering},
	journal = {Journal of Infonomics, Special Issue: Selected papers of the ACM SAC 2005 TRECK},
	year = {2005}
}

@misc{slashdot,
	howpublished = {http://slashdot.org/moderation.shtml},
	title = {Slashdot Moderation}
	}
	
@inproceedings {art,
	author = {K. Fullam and T. Klos and G. Muller and J. Sabater and A. Schlosser and Z. Topol and K. S. Barber and J. Rosenschein and L. Vercouter and M. Voss},
	year = {2005},
	title ={A Specification of the Agent Reputation and Trust (ART) Testbed: Experimentation and Competition for Trust in Agent Societies},
	booktitle = {Proc. of The Fourth International Joint Conference on Autonomous Agents and Multiagent Systems (AAMAS-2005), Utrecht},
	month = {July 25-29},
	pages = {512-518}
	}

@inproceedings{josang-trans,
 author = {Audun Josang and Simon Pope},
 title = {Semantic constraints for trust transitivity},
 booktitle = {APCCM '05: Proceedings of the 2nd Asia-Pacific conference on Conceptual modelling},
 year = {2005},
 isbn = {1-920-68225-2},
 pages = {59--68},
 location = {Newcastle, New South Wales, Australia},
 publisher = {Australian Computer Society, Inc.},
 address = {Darlinghurst, Australia, Australia},
 }
 
@phdthesis{marsh,
 	author = {Stephen Paul Marsh},
	title = {Formalising Trust as a Computational Concept},
	school = {Department of Computing Science and Mathematics, University of Stirling },
	year = {1994}
	}
	
@inproceedings{eigentrust,
    address = {New York, NY, USA},
    author = {Kamvar, Sepandar  D.  and Schlosser, Mario  T.  and Garcia-Molina, Hector  },
    booktitle = {WWW '03: Proceedings of the 12th international conference on World Wide Web},
    citeulike-article-id = {258882},
    doi = {10.1145/775152.775242},
    isbn = {1581136803},
    pages = {640--651},
    publisher = {ACM Press},
    title = {The Eigentrust algorithm for reputation management in P2P networks},
    url = {http://portal.acm.org/citation.cfm?id=775242},
    year = {2003}
}

@inproceedings{robust,
    Author = {Sonja Buchegger and Jean-Yves Le Boudec},
    Title = {A Robust Reputation System for P2P and Mobile Ad-hoc Networks},
    Booktitle = {Proceedings of 2nd Workshop on Economics of Peer-to-Peer Systems},
    Year = {2004}
    }

@article{urgu,
    Author = {Грищенко, В.С.},
    Title = {Исчисление мнений},
    Journal = {Известия Уральского государственного университета. Серия Компьютерные науки и информационные технологии},
    Year = {2006},
    number = {43},
    issue = {1},
    pages = {139--153}
    }

@article{cohen, 
    Author = {Reuven Cohen and Shlomo Havlin},
    Title = {Scale-Free Networks Are Ultrasmall},
    Journal = {Physical Review Letters},
    Volume = {90},
    pages = {058701},
    Year = {2003}
    }

@article{agarwal,
  author = {R. Matthew and R. Agrawal and P. Domingos},
  title = {Trust Management for the Semantic Web},
  booktitle = {Proceedings of the Second International Semantic Web Conference},
  year = "2003"
}


@book{lang-evol,
    editor = {Angelo Cangelosi and Domenico Parisi},
    title = {Simulating the Evolution of Language},
    publisher = {Springer Verlag, London},
    year = {2001}
    }

@book{tractatus,
    author = {Ludwig Wittgenstein},
    title = {Tractatus Logico-Philosophicus},
    year = {1922},
    publisher = {Routledge \& Kegan Paul}
    }

@book{investigations,
    author = {Ludwig Wittgenstein},
    title = {Philosophical Investigations},
    year = {2001},
    publisher = {Blackwell Publishing}
    }

@misc{massa-metrics,
	howpublished = {http://moloko.itc.it/trustmetricswiki/moin.cgi/TrustMetricsEvaluationProject},
	title = {Trust Metrics Evaluation Project},
	author = {Paolo Massa}
	}
 
@inproceedings  {selcuk,
	author = { A. A. Selcuk and E. Uzun and M. R. Pariente },
	title = {A Reputation-Based Trust Management System for P2P Networks},
	booktitle = {4th IEEE/ACM International Symposium on Cluster Computing and the Grid (CCGrid 2004), Chicago, USA},
	year = {2004},
	month = {April}
	}
	
@misc {advogato,
	howpublished = {http://www.advogato.org/trust-metric.html},
	title = {Advogato's trust metric},
	author = {Raph Levien}
	}
	
	
@inproceedings{trans-trust,
	address = {London, UK},
	author = {Christianson, Bruce   and Harbison, William  S. },
	booktitle = {Proceedings of the International Workshop on Security Protocols},
	citeulike-article-id = {350030},
	isbn = {3540624945},
	keywords = {transitive trust},
	pages = {171--176},
	priority = {4},
	publisher = {Springer-Verlag},
	title = {Why Isn't Trust Transitive?},
	url = {http://portal.acm.org/citation.cfm?id=647214.720377},
	year = {1997}
}

@inproceedings{seigneur,
	author = {Gray, Elizabeth   and Seigneur, Jean-Marc   and Chen, Yong   and Jensen, Christian  },
	booktitle = {Proceedings of the First International Conference on Trust Management (iTrust2003)},
	citeulike-article-id = {591584},
	editor = {Nixon, Paddy   and Terzis, Soterios  },
	keywords = {communities trust},
	priority = {0},
	title = {Trust Propagation in Small Worlds},
	url = {http://citeseer.ist.psu.edu/gray03trust.html},
	year = {2003}
}

@misc{trustdistrust,
	author = {Guha, R.  and Kumar, R.  and Raghavan, P.  and Tomkins, A. },
	citeulike-article-id = {3450},
	keywords = {attacks blog diffusion distrust endorsements graphs network networks p2p peer-to-peer ranking reputation social-networks system trust trust-network trustcomp web web-graph web_epistemology},
	title = {Propagation of Trust and Distrust},
	url = {http://citeseer.ist.psu.edu/703938.html},
	year = {2004}
}

@inproceedings{massa-contro,
title = {Controversial Users Demand Local Trust Metrics: An Experimental Study on Epinions.com Community.},
author = {Paolo Massa and Paolo Avesani},
booktitle = {AAAI},
pages = {121-126},
url = {http://dblp.uni-trier.de/db/conf/aaai/aaai2005.html#MassaA05},
year = {2005},
description = {dblp},
isbn = {1-57735-031-6},
keywords = {controversial controversiality epinions local trust trust_metric }
}
	

@article{rec-overview,
 author = {Jonathan L. Herlocker and Joseph A. Konstan and Loren G. Terveen and John T. Riedl},
 title = {Evaluating collaborative filtering recommender systems},
 journal = {ACM Trans. Inf. Syst.},
 volume = {22},
 number = {1},
 year = {2004},
 issn = {1046-8188},
 pages = {5--53},
 doi = {http://doi.acm.org/10.1145/963770.963772},
 publisher = {ACM Press},
 address = {New York, NY, USA},
 }
 
 @misc{wired-longtail,
 	howpublished = {http://www.wired.com/wired/archive/12.10/tail\_pr.html},
	title = {The Long Tail},
	author = {Chris Anderson},
	journal = {Wired},
	year = {2006},
	month = {May}
	}

@misc {gnutella-noscale,
	howpublished = {http://www.darkridge.com/~jpr5/doc/gnutella.html},
	title = {Why Gnutella Can't Scale. No, Really.},
	author = {Jordan Ritter}
}

@misc{freeriding,
	howpublished = {http://www.firstmonday.org/issues/issue5\_10/adar/},
	title = {Free riding on Gnutella},
	author = {Eytan Adar and Bernardo A. Huberman}
}

@misc{garcia-som,
	author = {Arturo Crespo and Hector Garcia-Molina},
	title = {Semantic Overlay Networks for P2P Systems},
	howpublished = {http://www-db.stanford.edu/~crespo/publications/op2p.pdf}
}

@article{chord,
 author = {Ion Stoica and Robert Morris and David Liben-Nowell and David R. Karger and M. Frans Kaashoek and Frank Dabek and Hari Balakrishnan},
 title = {Chord: a scalable peer-to-peer lookup protocol for internet applications},
 journal = {IEEE/ACM Trans. Netw.},
 volume = {11},
 number = {1},
 year = {2003},
 issn = {1063-6692},
 pages = {17--32},
 doi = {http://dx.doi.org/10.1109/TNET.2002.808407},
 publisher = {IEEE Press},
 address = {Piscataway, NJ, USA},
 }

@article{pastry,
	abstract = {This paper presents the design and evaluation of Pastry, a scalable, distributed object location and routing substrate for wide-area peer-to-peer applications.},
	author = {Rowstron, Antony   and Druschel, Peter  },
	citeulike-article-id = {350487},
	journal = {Lecture Notes in Computer Science},
	keywords = {2001 decentral decentralized dht overlay p2p pastry peer-peer peer-to-peer routing scalable systems work},
	pages = {329--??},
	title = {Pastry: Scalable, Decentralized Object Location, and Routing for Large-Scale Peer-to-Peer Systems},
	url = {http://citeseer.ist.psu.edu/620683.html},
	volume = {2218},
	year = {2001}
}

@inproceedings{can,
	author = {Ratnasamy, Sylvia   and Francis, Paul   and Handley, Mark   and Karp, Richard   and Schenker, Scott  },
	booktitle = {SIGCOMM '01: Proceedings of the 2001 conference on Applications, technologies, architectures, and protocols for computer communications},
	citeulike-article-id = {4300},
	doi = {10.1145/383059.383072},
	isbn = {1581134118},
	month = {October},
	number = {4},
	pages = {161--172},
	publisher = {ACM Press},
	title = {A scalable content-addressable network},
	url = {http://portal.acm.org/citation.cfm?id=383072},
	volume = {31},
	year = {2001}
}

@article{tapestry,
	author = {Zhao, B. Y.  and Huang, Ling   and Stribling, J.  and Rhea, S. C.  and Joseph, A. D.  and Kubiatowicz, J. D. },
	citeulike-article-id = {692039},
	journal = {Selected Areas in Communications, IEEE Journal on},
	keywords = {indexing no-tag p2p peer systems tapestry to},
	number = {1},
	pages = {41--53},
	title = {Tapestry: a resilient global-scale overlay for service deployment},
	url = {http://ieeexplore.ieee.org/xpls/abs\_all.jsp?arnumber=1258114},
	volume = {22},
	year = {2004}
}

@misc {bt,
	title = {Incentives Build Robustness in BitTorrent},
	author = {Bram Cohen},
	howpublished = {http://www.bittorrent.org/bittorrentecon.pdf}
	}

@inproceedings{superp,
	title = {Super-Peer-Based Routing and Clustering Strategies for RDF-Based P2P Networks},
	author = {Wolfgang Nejdl and Martin Wolpers and Wolf Siberski and Christoph Schmitz and Mario Schlosser and Ingo Brunkhorst and Alexander Lser},
	booktitle = {Proceedings of World Wide Web Conference 2003 in Budapest, Hungary},
	month = { May },
	year = { 2003}
	}
	

@inproceedings{eigen,
	title = {The EigenTrust Algorithm for Reputation Management in P2P Networks},
	author = {Sepandar D. Kamvar and Mario Schlosser and Hector Garcia-Molina},
	booktitle = {Proceedings of World Wide Web Conference 2003 in Budapest, Hungary},
	month = {May},
	year = {2003}
	}
	
@inproceedings {incentives,
	title = {Incentives for Combatting Freeriders on P2P Networks},
	author = {Sepandar D. Kamvar and Mario Schlosser and Hector Garcia-Molina},
	booktitle = {Proceedings of Euro-PAR European Conference on Parallel Computing in Klagenfurt, Austria},
	month = {August},
	year = {2003}
	}
	
@inproceedings{personalized,
title = {Personalized Reputation Management in P2P Networks.},
author = {Paul-Alexandru Chirita and Wolfgang Nejdl and Mario T. Schlosser and Oana Scurtu},
booktitle = {ISWC Workshop on Trust, Security, and Reputation on the Semantic Web},
crossref = {conf/semweb/2004trust},
editor = {Jennifer Golbeck and Piero A. Bonatti and Wolfgang Nejdl and Daniel Olmedilla and Marianne Winslett},
publisher = {CEUR-WS.org},
series = {CEUR Workshop Proceedings},
url = {http://dblp.uni-trier.de/db/conf/semweb/iswc2004trust.html#ChiritaNSS04},
volume = {127},
year = {2004},
description = {dblp},
ee = {http://sunsite.informatik.rwth-aachen.de/Publications/CEUR-WS/Vol-127/paper4.pdf}, date = {2005-05-09},
keywords = {dblp }
}
	
@article{prob-vs-social,
	author = {Despotovic, Zoran   and Aberer, Karl  },
	booktitle = {Management in Peer-to-Peer Systems},
	citeulike-article-id = {560487},
	doi = {10.1016/j.comnet.2005.07.003},
	journal = {Computer Networks},
	keywords = {bibtex-import},
	month = {March},
	number = {4},
	pages = {485--500},
	priority = {2},
	title = {P2P reputation management: Probabilistic estimation vs. social networks},
	url = {http://www.sciencedirect.com/science/article/B6VRG-4GWC9XD-2/2/54be5cec00bdc7d0540f5ed9c9538b69},
	volume = {50},
	year = {2006}
}

@inproceedings {hypercup,
	title = {Ontology-Based Search and Broadcast in HyperCuP},
	author = {Mario Schlosser and Michael Sintek and Stefan Decker and Wolfgang Nejdl},
	booktitle = {International Semantic Web Conference, Sardinia, Italy},
	year = {2002}
	}
	
	
@article{categorizing,
	author = {Marti, Sergio   and Garcia-Molina, Hector  },
	booktitle = {Management in Peer-to-Peer Systems},
	citeulike-article-id = {530977},
	doi = {10.1016/j.comnet.2005.07.011},
	journal = {Computer Networks},
	keywords = {p2p trust},
	month = {March},
	number = {4},
	pages = {472--484},
	priority = {0},
	title = {Taxonomy of trust: Categorizing P2P reputation systems},
	url = {http://www.sciencedirect.com/science/article/B6VRG-4H0RYYJ-1/2/b6a612053c7546bd311548c2b642c541},
	volume = {50},
	year = {2006}
}

@inproceedings {enough,
	author = {A. Legout and G. Urvoy-Keller and P. Michiardi},
	title =  {Rarest First and Choke Algorithms Are Enough},
	booktitle = {Proceedings of ACM SIGCOMM/USENIX IMC'2006, Rio de Janeiro, Brazil},
	month = {October 25--27},
	year = {2006}
	}

@inproceedings{ spreading,
    author = "Cai-Nicolas Ziegler and Georg Lausen",
    title = "Spreading Activation Models for Trust Propagation",
    year = "2004",
    month = "March",
    booktitle = "Proceedings of the IEEE International Conference on e-Technology, e-Commerce, and e-Service",
    publisher = "IEEE Computer Society Press",
    address = "Taipei, Taiwan",
    url = "citeseer.ist.psu.edu/ziegler04spreading.html" 
    }
    
@article{repsys,
	address = {New York, NY, USA},
	author = {Resnick, Paul   and Kuwabara, Ko   and Zeckhauser, Richard   and Friedman, Eric  },
	citeulike-article-id = {350511},
	doi = {10.1145/355112.355122},
	issn = {0001-0782},
	journal = {Commun. ACM},
	keywords = {bibtex-import communities community networks reputation social systems trust trust-network},
	month = {December},
	number = {12},
	pages = {45--48},
	publisher = {ACM Press},
	title = {Reputation systems},
	url = {http://dx.doi.org/10.1145/355112.355122},
	volume = {43},
	year = {2000}
}

@article{akerlof,
	abstract = {I. Introduction, 488.--II. The model with automobiles as an example, 489.--III. Examples and applications, 492.--IV. Counteracting institutions, 499.--V. Conclusion, 500.},
	author = {Akerlof, George  A. },
	citeulike-article-id = {160080},
	journal = {The Quarterly Journal of Economics},
	keywords = {game_theory informationeconomics lemons tartumicro tartumicropapers},
	number = {3},
	pages = {488--500},
	title = {The Market for "Lemons": Quality Uncertainty and the Market Mechanism},
	volume = {84},
	year = {1970}
}

@inproceedings{ buchegger04robust,
  author = {Sonja Buchegger and Jean-Yves Le Boudec},
  title = {A Robust Reputation System for P2P and Mobile Ad-hoc Networks},
  booktitle = {Proceedings of the Second Workshop on the Economics of Peer-to-Peer Systems},
  year = {2004},
  url = "citeseer.ifi.unizh.ch/buchegger04robust.html" 
  }

@inproceedings{damiani,
	address = {New York, NY, USA},
	author = {Damiani, Ernesto   and di Vimercati, De  C.  and Paraboschi, Stefano   and Samarati, Pierangela   and Violante, Fabio  },
	booktitle = {CCS '02: Proceedings of the 9th ACM conference on Computer and communications security},
	citeulike-article-id = {560339},
	doi = {10.1145/586110.586138},
	isbn = {1581136129},
	keywords = {anonymity jf mb p2p reputation security trust},
	pages = {207--216},
	publisher = {ACM Press},
	title = {A reputation-based approach for choosing reliable resources in peer-to-peer networks},
	url = {http://dx.doi.org/10.1145/586110.586138},
	year = {2002}
}




@MANUAL{	rip,
		title = "RFC 1723 - RIP Version 2 - Carrying Additional Information"
		}

@MANUAL{	ospf,
		title = "RFC 2328 - OSPF Version 2" }

@MANUAL{	bgp,
		title = "RFC 1771 - A Border Gateway Protocol 4 (BGP-4)",
		year = 1995 }
		
@manual{ xmpp1,
			title = {RFC 3920 - XMPP Core},
			year = {2004}
			}

@manual{ xmpp2,
			title = {RFC 3921 - XMPP IM	},
			year = {2004}
			}

@manual{ smtp,
			title = {RFC2821 -- Simple Mail Transfer Protocol},
			editor = {J. Klensin, Ed.},
			year = {2001}
			}

@manual{ jingle,
			title = {JEP-0166: Jingle},
			howpublished = {http://www.jabber.org/jeps/jep-0166.html},
			year = {2006}
			}
		
@misc{DOM,
		howpublished = {http://www.w3.org/DOM/},
		title = {Document Object Model (DOM)}
		}

@inproceedings{ faloutsos,
    author = "Michalis Faloutsos and Petros Faloutsos and Christos Faloutsos",
    title = "On Power-law Relationships of the Internet Topology",
    booktitle = "SIGCOMM",
    pages = "251-262",
    year = "1999",
    howpublished = "http://citeseer.ist.psu.edu/michalis99powerlaw.html" }
    
@article{BA,
	author = {Barabasi, Albert-Laszlo   and Albert, Reka  },
	citeulike-article-id = {90558},
	doi = {10.1126/science.286.5439.509},
	journal = {Science},
	keywords = {graph_model no-tag},
	month = {October},
	number = {5439},
	pages = {509--512},
	title = {Emergence of Scaling in Random Networks},
	url = {http://www.sciencemag.org/cgi/content/full/286/5439/509},
	volume = {286},
	year = {1999}
}


@article{	attack-error,
		author = "R.~Albert and H.~Jeong and A.-L.~Barabasi",
		title = "Error and attack tolerance of complex networks",
		journal = "Nature",
		number = 406,
		pages = "378-382",
		year = "2000"
		}

@article{	amaral,
		author = "L. A. N. Amaral and et~al",
		title = "The Web of Human Sexual Contacts",
		journal = "Nature",
		year = 2001,
		number = 411
		}

@article {	sfemail,
		author = "Holger Ebel and Lutz-Ingo Mielsch and Stefan Bornholdt",
		title = "Scale-free topology of e-mail networks",
		journal = "Physical Review E",
		volume = 66,
		number = "035103(R)",
		year = 2002
		}



@ARTICLE{arxiv,
title = "Scientific collaboration networks. {I}. Network construction and fundamental results",
author = "M. E. J. Newman",
year = "2001",
journal = "Phys. Rev. E",
volume = 64,
number = 1
}

@ARTICLE{arxiv2,
title = {Scientific collaboration networks. {II}.
Clustering and preferential attachment in growing networks},
author = "M. E. J. Newman",
year = "2001",
journal = "Phys. Rev. E",
volume = 64,
number = 2
}


@article {	goh,
		author = "K.-I.~Goh and E.~Oh and H.~Jeong and B.~Kahng and D.~Kim",
		title = "Classification of scale-free networks",
		journal = "PNAS", 
		month = "October", 
		year = 2002, 
		volume = 99, 
		number = 20
		}

@article{ultrasmall,
		author = "Reuven Cohen and Shlomo Havlin",
		title = "Scale-Free Networks Are Ultrasmall",
		journal = "Phys. Rev. Lett.",
		volume = 90,
		pages = 058701,
		year = 2003 }

@article {	collab,
		author = "Jose~J.~Ramasco and S.~N.~Dorogovtsev and R.~Pastor-Satorras",
		title = "Self-organization of collaboration networks",
		journal = "Physical Review E",
		volume = 70,
		pages = 036106,
		year = 2004
		}

@misc{	caida,
		title = "CAIDA website",
		url = "http://www.caida.org"
		}

@misc{ myweb,
        title = "Yahoo {M}y {W}eb Project",
        url = "http://myweb2.search.yahoo.com/"
    }

@misc { outfoxed,
        title = "Outfoxed project, master thesis of {S}.~{J}ames, {U}niv. of {O}snabruck",
        url = "http://getoutfoxed.com/"
    } 

@misc{compact,
  author = "D. Krioukov and K. Fall and X. Yang",
  title = "Compact routing on Internet-like graphs",
  text = "D. Krioukov, K. Fall, and X. Yang, Compact routing on Internet-like graphs,
    Tech. Report IRB-TR-03-010, Intel Research, 2003.",
  year = "2003"
	} 

@article{	skeletons,
		author = {Dong-Hee Kim and Jae Dong Noh and Hawoong Jeong},
		title = {Scale-free trees: The skeletons of complex networks},
		journal = {Phys. Rev. E},
		year = {2004},
		volume = {70},
		page = {046126}
		}

@article{ijmso,
		author = {Victor Grishchenko},
		title = {Distance-based reputation metrics are practical in P2P environments},
		journal = {International Journal of Metadata, Semantics and Ontologies (IJMSO)},
		year = {2006},
		volume = {1},
		issue = {2},
		pages={133--140}
		}



@misc{	folk,
		title = "An wikipedia article for ``folksonomy'', see http://en.wikipedia.org/wiki/Folksonomy"
		}
 
 @misc {frontinus,
 		title = {СТРАТЕГЕМЫ (SEXTVS IVLIVS FRONTINVS. STRATEGEMATA)},
		author = {Секст Юлий Фронтин},
		year = {84-88 г.н.э.},
		howpublished = {http://www.xlegio.ru/sources/frontin/}
		}

@article{skeletons2,
		author = {K.-I. Goh and G. Salvi and B. Kahng and D. Kim},
		title = {Skeleton and Fractal Scaling in Complex Networks},
		journal = {Phys. Rev. Lett.},
		volume = {96},
		pages = {018701},
		year = {2006} 
		}
		
@MISC{nothreshold,
  author = {Marian Boguna and Romualdo Pastor-Satorras and Alessandro Vespignani},
  title = {Absence of epidemic threshold in scale-free networks with connectivity   correlations},
  howpublished = {http://www.citebase.org/abstract?id=oai:arXiv.org:cond-mat/0208163},
  year = {2002}
}	

@inproceedings{weaver,
	title = {How to 0wn the Internet in Your Spare Time},
	author = {Stuart Staniford and Vern Paxson and Nicholas Weaver},
	booktitle = {Proceedings of the 11th USENIX Security Symposium (Security '02)},
	year = {2002},
	howpublished = {http://www.icir.org/vern/papers/cdc-usenix-sec02/}
	}
	
@misc {trustitution,
	howpublished = {http://www0.epinions.com/content\_4054884484},
	title = {Welcome to Bambi's Epinions House of Trustitution},
	year = {2004},
	month = {Aug 17}
	}

@inproceedings{zwick-spaa,
 author = {Mikkel Thorup and Uri Zwick},
 title = {Compact routing schemes},
 booktitle = {SPAA '01: Proceedings of the thirteenth annual ACM symposium on Parallel algorithms and architectures},
 year = {2001},
 isbn = {1-58113-409-6},
 pages = {1--10},
 location = {Crete Island, Greece},
 doi = {http://doi.acm.org/10.1145/378580.378581},
 publisher = {ACM Press},
 address = {New York, NY, USA},
 }

@inproceedings{gavoille-spaa,
	author = { Ittai Abraham and Cyril Gavoille and Dahlia Malkhi and Noam Nisan and Mikkel Thorup},
	title = { Compact name-independent routing with minimum stretch },
	booktitle = { 16th Annual ACM Symposium on Parallel Algorithms and Architectures (SPAA) },
	pages = {20-24},
	publisher = { ACM Press},
	month = { July },
	year = {2004}
	}
	
@inproceedings{Foreseer,
 author = {Hailong Cai and Jun Wang},
 title = {Foreseer: a novel, locality-aware peer-to-peer system architecture for keyword searches},
 booktitle = {Middleware '04: Proceedings of the 5th ACM/IFIP/USENIX international conference on Middleware},
 year = {2004},
 isbn = {3-540-23428-4},
 pages = {38--58},
 location = {Toronto, Canada},
 publisher = {Springer-Verlag New York, Inc.},
 address = {New York, NY, USA},
 }


@techreport{opt-tapestry,
		institution = {Computer Science Division (EECS), University of California, Berkeley},
		title = {Optimizations for Locality-Aware Structured Peer-to-Peer Overlays. Report No. UCB/CSD-03-1266},
		author = {Jeremy Stribling and Kirsten Hildrum and John D. Kubiatowicz},
		month = {August},
		year = {2003}
		}

@inproceedings{cacheable,
	booktitle = {Proceedings of 7th International Workshop on Web Content Caching and Distribution (WCW), Boulder, Colorado},
	month = {August 14-16},
	year = { 2002 },
	title = {Are file swapping networks cacheable? Characterizing P2P traffic},
	author = {Nathaniel Leibowitz and Aviv Bergman and Roy Ben-Shaul and Aviv Shavit}
	}
	
@inproceedings{maze-ch,
	title = {Analyzing Peer-to-Peer Traffic’s Impact on Large Scale Networks},
	author = { Mao Yang and Yafei Dai and Jing Tian },
	booktitle = {Proc. of ICCS 2006, Part IV, LNCS 3994},
	pages = { 412-419},
	year = {2006}
	}

@misc{p2p-lection,
	institute = {Helsinki University of Technology},
	howpublished = {http://www.netlab.tkk.fi/opetus/s38001/s04/pres/1.shtml},
	title = {Telecommunications Forum; Lecture: Peer-to-Peer Networking - Phenomenon and impacts to carriers},
	author = {Jorma Mellin},
	year = {2004}
	}
	
@misc{slammer,
	authors = {David Moore and Vern Paxson and Stefan Savage and Colleen Shannon and Stuart Staniford and Nicholas Weaver},
	title = {The Spread of the Sapphire/Slammer Worm},
	howpublished = {http://www.caida.org/publications/papers/2003/sapphire/sapphire.html},
	year = {2003}
	}
	
@techreport{st-decker,
	author = {Stefan Decker and Martin Frank},
	title = {The social semantic desktop},
	booktitle = {In DERI Technical Report 2004-05-02},
	   institution = {DERI},
	year = {2004}
	}

@inproceedings {comp-comp,
	title = {Computational complexity of one reputation metric},
	author = {Victor Grishchenko},
	booktitle = {Proceedings of SECURECOMM SECOVAL workshop, Athens, Greece},
	year = {2005}
	}
	
	
@misc{jabber.org-status,
	howpublished = {http://status.jabber.org/},
	title = {Jabber.org load stats}
	}

@misc{postgrey,
	howpublished = {http://isg.ee.ethz.ch/tools/postgrey/},
	title = {Postgrey - Postfix Greylisting Policy Server, домашняя страница проекта Postgrey (серые списки для postfix)}
	}

@misc{harris,
	howpublished = {http://projects.puremagic.com/greylisting/whitepaper.html},
	author = { Evan Harris },
	title = { The Next Step in the Spam Control War: Greylisting },
	year = {2003}
	}
	
@misc{folk-memory,
	howpublished = {http://c2.com/doc/FolkMemory.pdf},
	author = {Ward Cunningham},
	title = {Folk Memory: A Minimalist Architecture for Adaptive Federation of Object Servers},
	year = {1997}
	}
	
@misc{freenet,
	howpublished = {http://freenetproject.org/},
	title = {The Free Network Project}
}

@misc{inequality,
	howpublished = {http://www.shirky.com/writings/powerlaw\_weblog.html},
	title = {Power Laws, Weblogs, and Inequality},
	author = {Clay Shirky}
	}

@misc{wikiwikiweb,
    howpublished = {http://c2.com/cgi/wiki?WikiWikiWeb},
    title = {Article on Wikis at c2.com}
    }

@misc{ASN,
    howpublished = {http://www.firstmonday.dk/issues/issue8\_8/jordan/},
    title = {The Augmented Social Network: Building identity and trust into the next-generation Internet},
    author = {Ken Jordan and Jan Hauser and Steven Foster},
    year = {2003}
}

@misc{nepomuk,
    howpublished = {nepomuk.semanticdesktop.org/},
    title = {NEPOMUK, the social semantic desktop project homepage}
}

@misc{semwiki,
    howpublished={http://nepomuk.semanticdesktop.org/xwiki/bin/view/Main1/D1-1},
    title = {NEPOMUK. Interactive semantic wikis},
    author = {M.~Kotelnikov and A.~Polonsky and M.~Kiesel and M.~Volkel and M.~Sogrin et al},
    year = {2007}
}

@InProceedings{urdaneta,
  author =   {Guido Urdaneta and Guillaume Pierre and 
                  Maarten van Steen},
  title =    {A Decentralized Wiki Engine for Collaborative 
                  Wikipedia Hosting},
  month =    mar,
  year =     {2007},
  booktitle =    {Proceedings of the 3rd International Conference on Web Information Systems and Technologies},
  url =  {\verb+http://www.globule.org/publi/DWECWH_webist2007.html+}
}

@misc{subetha-editor,
    howpublished = {http://www.codingmonkeys.de/subethaedit/},
    title = {SubEthaEdit product page}
}

@misc{ace-editor,
    howpublished = {http://ace.sf.net},
    title = {ACE collaborative text editor}
}

@misc{synchro-editor,
    howpublished = {http://www.synchroedit.com/},
    title = {SynchroEdit collaborative editor product page}
}

@misc{cantscale,
    howpublished = {http://www.darkridge.com/~jpr5/doc/gnutella.html},
    title = {Why Gnutella Can't Scale. No, Really.},
    author = {Jordan Ritter},
    year = {2001}
}

@misc{gnutella,
    howpublished = {http://www9.limewire.com/developer/ gnutella\_protocol\_0.4.pdf},
    title = {The Gnutella Protocol Specification v0.4}
}

@misc{gnut1,
    author = {Chawathe, Yatin   and Ratnasamy, Sylvia   and Breslau, Lee   and Lanham, Nick   and Shenker, Scott  },
    citeulike-article-id = {572495},
    keywords = {generelt om p2p},
    title = {Making Gnutella-like P2P Systems Scalable},
    url = {http://citeseer.ist.psu.edu/chawathe03making.html},
    year = {2003}
}

@inproceedings{gnut2,
    author = {Yang, B.  and Garcia-Molina, H. },
    citeulike-article-id = {1153104},
    journal = {Distributed Computing Systems, 2002. Proceedings. 22nd International Conference on},
    keywords = {blind peer-to-peer search unstructured},
    pages = {5--14},
    title = {Improving search in peer-to-peer networks},
    url = {http://ieeexplore.ieee.org/xpls/abs\_all.jsp?arnumber=1022237},
    year = {2002}
}

@inproceedings{gnut3,
    author = {Lin, Tsungnan   and Wang, Hsinping   and Wang, Jianming  },
    citeulike-article-id = {1036593},
    journal = {Cluster Computing and the Grid, 2004. CCGrid 2004. IEEE International Symposium on},
    keywords = {no-tag},
    pages = {346--354},
    title = {Search performance analysis and robust search algorithm in unstructured peer-to-peer networks},
    url = {http://ieeexplore.ieee.org/xpls/abs\_all.jsp?arnumber=1336587},
    year = {2004}
}

@misc{tinymce,
    howpublished = {http://tinymce.moxiecode.com},
    title = {TinyMCE Javascript content editor}
}

@inproceedings{meinkampf,
	author = {Грищенко В.С.},
	booktitle = {Безопасность информационных пространств: материалы международной научно-практической конференции},
	publisher = {ГОУ ВПО УрГУПС},
	pages = {89},
	title = {Метрики репутации и борьба за релевантность},
	year = {2006}
	}
	
@inproceedings{modular,
	author = {Грищенко В.С.},
	booktitle = {Труды XXIV конференции молодых учёных математико-механического факультета МГУ},
	year = {2002},
	title = {Черви Уорхола и модульные черви: перспективы эпидемий в интернете},
	pages = {62}
	}

@inproceedings{jdnat,
	author	= {J.J.D. Mol and J.A. Pouwelse and D.H.J. Epema and H.J. Sips},
	title	= {Free-riding, Fairness, and Firewalls in P2P File-Sharing},
	booktitle	= {8-th IEEE International Conference on Peer-to-Peer Computing},
	publisher	= {IEEE Computer Society},
	year	= {2008},
	month	= {sep},
	editor	= {K. Wehrle and W. Kellerer and S.K. Singhal and R. Steinmetz},
	pages	= {301-310},
	isbn	= {978-0-7695-3318-6},
	location	= {Aachen, Germany},
	url	= {http://www.pds.ewi.tudelft.nl/pubs/papers/p2p2008.pdf},
	project	= {I-Share,P2P-Next},
	topic	= {Peer-to-Peer},
	group	= {PDS},
}

@misc{edonkey,
    title = {eMule project},
    howpublished = {http://www.emule-project.net/}
}
@inproceedings{bitos,
	author = {Vlavianos, A.  and Iliofotou, M.  and Faloutsos, M. },
	booktitle = {9th IEEE Global Internet Symposium 2006},
	citeulike-article-id = {3268562},
	keywords = {bittorrent, streaming},
	month = {April},
	posted-at = {2008-09-15 10:08:02},
	priority = {0},
	title = {{BiToS: Enhancing BitTorrent for Supporting Streaming Applications}},
	year = {2006}
}

@misc{arnomerkle,
    title = {Merkle hashes at tribler.org},
    howpublished = {http://www.tribler.org/MerkleHashes}
}

@misc{zfshash,
    title = {{ZFS} End-to-End Data Integrity},
    howpublished = {\\ http://blogs.sun.com/bonwick/entry/zfs\_end\_to\_end\_data}
}

@misc{tigerhash,
    howpublished = {http://en.wikipedia.org/wiki/Tiger\_(hash)},
    title = {Tiger hashes}
}
@article{cubic,
 author = {Sangtae Ha and Injong Rhee and Lisong Xu},
 title = {CUBIC: a new TCP-friendly high-speed TCP variant},
 journal = {SIGOPS Oper. Syst. Rev.},
 volume = {42},
 number = {5},
 year = {2008},
 issn = {0163-5980},
 pages = {64--74},
 doi = {http://doi.acm.org/10.1145/1400097.1400105},
 publisher = {ACM},
 address = {New York, NY, USA},
 }

@inproceedings{bittorrentauction,
	address = {New York, NY, USA},
	author = {Levin, Dave   and Lacurts, Katrina   and Spring, Neil   and Bhattacharjee, Bobby  },
	booktitle = {SIGCOMM Comput. Commun. Rev.},
	citeulike-article-id = {3474688},
	doi = {http://dx.doi.org/http://dx.doi.org/10.1145/1402946.1402987},
	keywords = {file-sharing, filesharing, incentives, p2p},
	number = {4},
	pages = {243--254},
	posted-at = {2008-11-03 12:43:56},
	priority = {0},
	publisher = {ACM},
	title = {Bit{T}orrent is an auction: analyzing and improving {B}it{T}orrent's incentives},
	url = {http://dx.doi.org/http://dx.doi.org/10.1145/1402946.1402987},
	volume = {38},
	year = {2008}
}

@book{literary,
	title={Literary Machines},
	author={Theodor Holm Nelson},
	publisher={Mindful Press},
	distributor={Eastgate Systems Inc},
	isbn={0-89347-062-7},
	year={1982} }
	
@article{hyp-ed-sys,
 author = {van Dam, Andries},
 title = {Hypertext '87: keynote address},
 journal = {Commun. ACM},
 volume = {31},
 number = {7},
 year = {1988},
 issn = {0001-0782},
 pages = {887--895},
 doi = {http://doi.acm.org/10.1145/48511.48519},
 publisher = {ACM},
 address = {New York, NY, USA},
}	

@misc{pcre,
    title = {libpcre: Perl Compatible Regular Expressions},
    howpublished = {\verb+http://www.pcre.org/+}
}

@misc{git,
    title = {The git source code management system},
    howpublished = {\verb+http://git-scm.com/+}
}

@misc{revctrl-weave,
    title = {Article on weaves at revctrl.org},
    howpublished = {\verb+http://revctrl.org/Weave+}
}

@misc{rcs-txt,
    title = {Notes on keeping version histories of files},
    howpublished = {\verb+http://web.mit.edu/ghudson/thoughts/file-versioning+}
}

@misc{bazaar-weave,
    title = {Article on Weave at {B}azaar {SCM} wiki},
    howpublished = {\verb+http://wiki.bazaar.canonical.com/BzrWeaveFormat+}
}

@misc{mercurial,
    title = {The {M}ercurial source code management system},
    howpublished = {\verb+http://mercurial.selenic.com/+}
}

@misc{diff-match-patch,
    title = {The {G}oogle's diff-match-patch library (by {N}eil {F}raser)},
    howpublished = {\verb+http://code.google.com/p/google-diff-match-patch/+}
}

@misc{ot,
    title = {Operational Transformation at {W}ikipedia, includes a digest of {OT} flavors },
    howpublished = {\verb+http://en.wikipedia.org/wiki/+ \verb+Operational_transformation+}
}

@misc{patch,
    title = {Wikipedia article on the \emph{patch} utility},
    howpublished = {\verb+http://en.wikipedia.org/wiki/Patch_(Unix)+}
}

@misc{wrec,
    title = {Squirrelfishing regexp-dna.js},
    howpublished = {\verb+http://blog.mozilla.com/dmandelin/2008/10/06/+ \verb+squirrelfishing-in-regexp-dnajs/+}
}


@misc{waveot,
    title = {Google {Wave} Operational Transformation},
    howpublished = {\verb+http://www.waveprotocol.org/whitepapers/+ \verb+operational-transform+}
}

@misc{nls,
	title={STUDY FOR THE DEVELOPMENT OF HUMAN INTELLECT AUGMENTATION TECHNIQUES},
	author={D. C. Engelbart},
	howpublished={\verb+http://sloan.stanford.edu/MouseSite/Archive/+ \verb+Post68/FinalReport1968/study68index.html+},
	year={1968}
	}


@misc{own-experience,
    title = {own experience, confirmed by numerous peers}
}

@misc{gerasimov,
    title = {Wavelet: {\fontspec{Arial}Русскоязычные Office Hours - 01.02.10}},
    howpublished = {\verb+http://groups.google.com/group/google-wave-russia+}
}

@misc{linus-pollinates,
	title = {Re: {C}oding style - a non-issue},
	howpublished = {\verb+http://www.cs.helsinki.fi/linux/+ \verb+linux-kernel/2001-47/1784.html+}
}

@misc{wikisym08,
    title = {CAUSAL TREES: Lightweight distributed real-time version control for wikis},
    howpublished = {informal poster (invited by Mark Bernstein); presented at WikiSYM'08; avail. \verb+http://bouillon.math.usu.ru/articles/+ \verb+ct-A0-poster.pdf+}
}

@inproceedings{no-singularity,
 author = {Suh, Bongwon and Convertino, Gregorio and Chi, Ed H. and Pirolli, Peter},
 title = {The singularity is not near: slowing growth of Wikipedia},
 booktitle = {WikiSym '09: Proceedings of the 5th International Symposium on Wikis and Open Collaboration},
 year = {2009},
 isbn = {978-1-60558-730-1},
 pages = {1--10},
 location = {Orlando, Florida},
 doi = {http://doi.acm.org/10.1145/1641309.1641322},
 publisher = {ACM},
 address = {New York, NY, USA},
 }
 
 @phdthesis{wp-decay,
 	author = {Felipe Ortega},
	title = {Wikipedia: A Quantitative Analysis},
	school = {Universidad Rey Juan Carlos},
	year = {2009}
	}


 @ARTICLE{meyers-diff,
    author = {Eugene W. Myers},
    title = {An O(ND) Difference Algorithm and Its Variations},
    journal = {Algorithmica},
    year = {1986},
    volume = {1},
    pages = {251--266}
}

@article{sun-achieving,
 author = {Sun, Chengzheng and Jia, Xiaohua and Zhang, Yanchun and Yang, Yun and Chen, David},
 title = {Achieving convergence, causality preservation, and intention preservation in real-time cooperative editing systems},
 journal = {ACM Trans. Comput.-Hum. Interact.},
 volume = {5},
 number = {1},
 year = {1998},
 issn = {1073-0516},
 pages = {63--108},
 doi = {http://doi.acm.org/10.1145/274444.274447},
 publisher = {ACM},
 address = {New York, NY, USA},
 } 
 
 @article{lcs-algo,
 author = {Maier, David},
 title = {The Complexity of Some Problems on Subsequences and Supersequences},
 journal = {J. ACM},
 volume = {25},
 number = {2},
 year = {1978},
 issn = {0004-5411},
 pages = {322--336},
 doi = {http://doi.acm.org/10.1145/322063.322075},
 publisher = {ACM},
 address = {New York, NY, USA},
 }
 
@misc{www06,
 author = {Victor Grishchenko},
 title = {Bouillon: reputation-driven universal P2P aggregator},
 howpublished = {withdrawn from the WWW'06 MTW workshop; available at \verb+http://bouillon.math.usu.ru/articles/www06.pdf+}
 }
 
 @inproceedings{csr07,
  author    = {Victor S. Grishchenko},
  title     = {Bouillon: A Wiki-Wiki Social Web},
  booktitle = {CSR},
  year      = {2007},
  pages     = {139-145},
  ee        = {http://dx.doi.org/10.1007/978-3-540-74510-5_16},
  crossref  = {DBLP:conf/csr/2007},
  bibsource = {DBLP, http://dblp.uni-trier.de}
}
 
 @proceedings{DBLP:conf/csr/2007,
  editor    = {Volker Diekert and
               Mikhail V. Volkov and
               Andrei Voronkov},
  title     = {Computer Science - Theory and Applications, Second International
               Symposium on Computer Science in Russia, CSR 2007, Ekaterinburg,
               Russia, September 3-7, 2007, Proceedings},
  booktitle = {CSR},
  publisher = {Springer},
  series    = {Lecture Notes in Computer Science},
  volume    = {4649},
  year      = {2007},
  isbn      = {978-3-540-74509-9},
  bibsource = {DBLP, http://dblp.uni-trier.de}
}

@article{fidge,
 author = {Fidge, Colin},
 title = {Logical Time in Distributed Computing Systems},
 journal = {Computer},
 volume = {24},
 number = {8},
 year = {1991},
 issn = {0018-9162},
 pages = {28--33},
 doi = {http://dx.doi.org/10.1109/2.84874},
 publisher = {IEEE Computer Society Press},
 address = {Los Alamitos, CA, USA},
 }
 
 
 @article{lamport,
 author = {Lamport, Leslie},
 title = {Time, clocks, and the ordering of events in a distributed system},
 journal = {Commun. ACM},
 volume = {21},
 number = {7},
 year = {1978},
 issn = {0001-0782},
 pages = {558--565},
 doi = {http://doi.acm.org/10.1145/359545.359563},
 publisher = {ACM},
 address = {New York, NY, USA},
 }
 
@techreport{woot,
	title = { {R}eal time group editors without {O}perational transformation},
	author = {{O}ster, {G}{\'e}rald and {U}rso, {P}ascal and {M}olli, {P}ascal and {I}mine, {A}bdessamad},
	keywords = {real time groupware; optimistic replication; operational transformation; replicated data consistency},
	language = {{E}nglish},
	affiliation = {{ECOO} - {INRIA} {L}orraine - {LORIA} - {INRIA} - {CNRS} : {UMR}7503 - {U}niversit{\'e} {H}enri {P}oincar{\'e} - {N}ancy {I} - {U}niversit{\'e} {N}ancy {II} - {I}nstitut {N}ational {P}olytechnique de {L}orraine - {CASSIS} - {INRIA} {L}orraine - {LORIA} / {LIFC} - {INRIA} - {CNRS} : {UMR}7503 - {CNRS} : {FRE}2661 - {U}niversit{\'e} de {F}ranche-{C}omt{\'e} - {U}niversit{\'e} {H}enri {P}oincar{\'e} - {N}ancy {I} - {U}niversit{\'e} {N}ancy {II} - {I}nstitut {N}ational {P}olytechnique de {L}orraine },
	pages = {24 },
	type = {{R}esearch {R}eport},
	institution = {INRIA},
	number = {{RR}-5580},
    year = {2005},
    URL = {http://hal.inria.fr/inria-00071240/en/},
    URL = {http://hal.inria.fr/inria-00071240/PDF/RR-5580.pdf},
}

@techreport{logoot,
	title = { {L}ogoot: a {P}2{P} collaborative editing system},
	author = {{W}eiss, {S}t{\'e}phane and {U}rso, {P}ascal and {M}olli, {P}ascal},
	keywords = {{P}2{P};collaborative editing;optimistic replication;scalability},
	language = {{E}nglish},
	affiliation = {{ECOO} - {INRIA} {L}orraine - {LORIA} - {INRIA} - {CNRS} : {UMR}7503 - {U}niversit{\'e} {H}enri {P}oincar{\'e} - {N}ancy {I} - {U}niversit{\'e} {N}ancy {II} - {I}nstitut {N}ational {P}olytechnique de {L}orraine },
	pages = {13 },
	type = {{R}esearch {R}eport},
	institution = {INRIA},
	number = {{RR}-6713},
    year = {2008},
    URL = {http://hal.inria.fr/inria-00336191/en/},
    URL = {http://hal.inria.fr/inria-00336191/PDF/main.pdf},
}

@journal{lili-ensuring,
	title = {An Approach to Ensuring Consistency in Peer-to-Peer Real-Time Group Editors},
	author = {Du Li and Rui Li},
	pages = {553-611},
	volume = {17},
	number = {5-6},
	year = {2006},
	publisher = {Springer Netherlands},
	journal = {Computer Supported Cooperative Work (CSCW)}
}

@inproceedings{lili-preserving,
 author = {Li, Du and Li, Rui},
 title = {Preserving operation effects relation in group editors},
 booktitle = {CSCW '04: Proceedings of the 2004 ACM conference on Computer supported cooperative work},
 year = {2004},
 isbn = {1-58113-810-5},
 pages = {457--466},
 location = {Chicago, Illinois, USA},
 doi = {http://doi.acm.org/10.1145/1031607.1031683},
 publisher = {ACM},
 address = {New York, NY, USA},
 }